@article{Samuel:1959:SML:1661923.1661924,
  author = {Samuel, A. L.},
  title = {Some Studies in Machine Learning Using the Game of Checkers},
  journal = {IBM J. Res. Dev.},
  issue_date = {July 1959},
  volume = {3},
  number = {3},
  month = jul,
  year = {1959},
  issn = {0018-8646},
  pages = {210--229},
  numpages = {20},
  url = {http://dx.doi.org/10.1147/rd.33.0210},
  doi = {10.1147/rd.33.0210},
  acmid = {1661924},
  publisher = {IBM Corp.},
  address = {Riverton, NJ, USA},
} 


@book{Mitchell1997,
  added-at = {2011-08-17T15:32:45.000+0200},
  address = {Boston, MA},
  author = {Mitchell, Tom Michael},
  biburl = {https://www.bibsonomy.org/bibtex/209b077831e57dd3bb5856ceb5ce01e7f/swalk},
  editor = {Munson, Eric M.},
  file = {Book:Mitchell1997.pdf:PDF},
  interhash = {479a66c32badb3a455fbdcf8e6633a5d},
  intrahash = {09b077831e57dd3bb5856ceb5ce01e7f},
  isbn = {0-07-042807-7},
  keywords = {Artificial_Intelligence learning machine},
  pages = 414,
  publisher = {WCB/McGraw-Hill},
  series = {McGraw-Hill Series in Computer Science},
  timestamp = {2011-08-17T15:32:45.000+0200},
  title = {Machine Learning},
  year = 1997
}


